@online{chakravala-reduce,
	author = {Michael Reed},
	title = {Reduce.jl, https://github.com/chakravala/Reduce.jl},
	year = {2017},
}

@online{chakravala-wilkinson,
	author = {Michael Reed},
	title = {Wilkinson.jl, https://github.com/chakravala/Wilkinson.jl},
	year = {2018},
}

@online{chakravala-syntax-tree,
	author = {Michael Reed},
	title = {SyntaxTree.jl, https://github.com/chakravala/SyntaxTree.jl},
	year = {2018},
}

@online{chakravala-vertex,
	author = {Michael Reed},
	title = {VerTeX.jl, https://github.com/chakravala/VerTeX.jl},
	year = {2018},
}

@book{epperson,
	author = {James F. Epperson},
	title = {An Introduction to Numerical Methods and Analaysis},
	year = {2013},
}

@book{demmel,
	author = {James W. Demmel},
	title = {Applied Numerical Linear Algebra},
	year = {1997},
}

@book{rudin,
	author = {Walter Rudin},
	title = {Principles of Mathematical Analysis},
	year = {1976},
}

@book{tveito,
	author = {Aslak Tveito and Hans Langtangen and Bjorn Nielsen and Xing Cai},
	title = {Elements of Scientific Computing},
	year = {2010},
}

@book{sapir,
	author = {Mark V. Sapir},
	title = {Combinatorial Algebra: Syntax and Semantics},
	year = {2014},
}

@book{wilkinson,
	author = {James Hardy Wilkinson},
	title = {Rounding Errors in Algebraic Processes},
	year = {1963},
}

@book{higham,
	author = {Nicholas. J. Higham},
	title = {Accuracy and Stability of Numerical Algorithms},
	year = {2002},
}

@article{Dirac1953888,
  title   = "The lorentz transformation and absolute time",
  journal = "Physica ",
  volume  = "19",
  number  = "1-â€“12",
  pages   = "888--896",
  year    = "1953",
  doi     = "10.1016/S0031-8914(53)80099-6",
  author  = "P.A.M. Dirac"
}

@article{carnicer-goodman-pena,
	author = {J.M. Carnicer, T.N.T. Goodman, and J.M. Pena},
	title = {Roundoff errors for polynomial evaluation by a family of formulae},
	journal = {Computing},
	year = {2008},
}

@article{schonfelder-razaz,
	author = {J.L. Schonfelder and M. Razaz},
	title = {Error Control with Polynomial Approximations},
	journal = {IMA Journal of Numerical Analysis},
	year = {1980},
}

@article{barrio,
	author = {R. Barrio},
	title = {A unified rounding error bound for polynomial evaluation},
	journal = {Advances in Computational Mathematics},
	volume = {19},
	pages = {385--399},
	year = {2003},
}

@article{borodin,
	author = {Allan B. Borodin},
	title = {Horner's rule is uniquely optimal},
	journal = {Theory of machines and computations},
	pages = {45--58},
	year = {1971},
}

@article{grassmann-juliacon-2019,
	author = {Michael Reed},
	title = {Differential geometric algebra using Leibniz, Grassmann},
	journal = {Proceedings of JuliaCon},
	year = {2019},
}

@article{defour-hanrot-lefevre-muller-revol-zimmermann,
	author = {David Defour, Guillaume Hanrot, Vincent Lefevre, Jean-Michael Muller, Nathalie Revol, and Paul Zimmermann},
	title = {Proposal for a standardization of mathematical function implementation in floating point arithmetic},
	journal = {Numerical Algorithms},
	year = {2004},
}

@article{rokne,
	author = {J. Rokne},
	title = {The Centered Form for Interval Polynomials},
	journal = {Computing},
	year = {1981},
}

@article{rump-bunger-jeannerod,
	author = {Siegfried M. Rump, Florian Bunger, and Claude-Pierre Jeannerod},
	title = {Improved error bounds for floating-point products and Horner's scheme},
	journal = {BIT Numer Math},
	volume = {56},
	pages = {293--307},
	year = {2015},
}

@article{newbery,
	author = {A. C. R. Newbery},
	title = {Error Analysis for Polynomial Evaluation},
	journal = {Mathematics of Computation},
	volume = {28},
	number = {127},
	pages = {789--793},
	year = {1974},
}

@article{cajori,
	author = {Florian Cajori},
	title = {Horner's method of approximation anticipated by Ruffini},
	journal = {Bulletin of the American Mathematical Society},
	year = {1910},
}

@article{oliver,
	author = {J. Oliver},
	title = {Rounding error propagation in polynomial evaluation schemes},
	journal = {Journal of Computational and Applied Mathematics},
	volume = {5},
	number = {2},
	pages = {85--97},
	year = {1979},
}

@article{muller,
	author = {K. H. Muller},
	title = {Rounding Error Analysis of Horner's Scheme},
	journal = {Computing},
	volume = {30},
	pages = {285--303},
	year = {1982},
}
