@online{chakravala-srinivas,
	author = {M. D. Srinivas},
	title = {The Cakravala Method for Solving Quadratic Indeterminate Equations},
	year = {2013},
}

@article{srinivas-calculus,
	author = {K. Ramasubramanian and M. D. Srinivas},
	title = {Development of Calculus in India},
	year = {2009},
}

@article{gamelin,
	author = {V. S. Varadarajan},
	title = {Indian Mathematics},
	year = {2008},
}

@article{bauval,
	author = {A. Bauval},
	title = {An Elementary Proof of the Halting Property for Chakravala Algorithm},
	journal = {arXiv},
	year = {2014},
}

@book{ref:summingitup,
	author = {A. Ash and R. Gross},
	title = {Summing It Up: From One Plus One to Modern Number Theory},
	year = {2016},
}

@article{ref:Parameshavra,
author = {A. K. Bag},
title = {Indian Literature on Mathematics During 1400--1800 A.D.},
journal = {Indian Nat. Sci. Acad.},
year = {1978},
}

@article{ref:Coolidge,
author = {J. L. Coolidge},
title = {A Historically Interesting Formula for the Area of a Quadrilateral},
journal = {American Mathematical Monthly},
year = {1939},
}

@article{ref:series,
author = {Rajagopal and Rangachari},
title = {On an Untapped Source of Medieval Keralese Mathematics},
year = {1977},
}

@article{ref:Brahmagupta,
author = {Ralph Buchholz and James MacDougall},
title = {Cyclic Polygons with Rational Sides and Area},
year = {2001},
}

@book{ref:brahmagupta-textbook,
author = {David Burton},
title = {History of Mathematics: An Introduction},
year = {2011},
}

@article{ref:brahmagupta-theorem,
author = {M. N. S. Swamy},
title = {Brahmagupta's Theorems and Recurrence Relations},
year = {1997},
}


@online{ref:video,
author = {M. D. Srinivas},
title = {Evolution of Indian Mathematics},
year = {2014},
url = {https://www.youtube.com/watch?v=aDy0axJfzrY},
}

@online{ref:incompleteness,
author = {Gregory Chaitin},
title = {Doing Mathematics Differently},
year = {2016},
}

@book{ref:aryabhatiya,
author = {Walter Eugene Clark},
title = {The Aryabhatiya of Aryabhata: An Ancient Indian Work on Mathematics and Astronomy},
year = {1930},
}
